@book{Chen2015,
  title = {Stabilization and Regulation of Nonlinear Systems: A Robust and Adaptive Approach},
  ISBN = {9783319088341},
  ISSN = {1439-2232},
  url = {http://dx.doi.org/10.1007/978-3-319-08834-1},
  DOI = {10.1007/978-3-319-08834-1},
  journal = {Advanced Textbooks in Control and Signal Processing},
  publisher = {Springer International Publishing},
  author = {Chen,  Zhiyong and Huang,  Jie},
  year = {2015}
}