@ARTICLE{basinMultivariableContinuousFixedtime2017,
  AUTHOR = {Basin, Michael and Bharath Panathula, Chandrasekhara and Shtessel, Yuri},
  URL = {https://onlinelibrary.wiley.com/doi/abs/10.1049/iet-cta.2016.0572},
  ANNOTATION = {JCR分区: Q2\\ 中科院分区升级版: 计算机科学4区\\ 影响因子: 2.2\\ 5年影响因子: 2.2\\ EI: 是},
  DATE = {2017},
  DOI = {10.1049/iet-cta.2016.0572},
  FILE = {C\:\\Users\\jinze\\Zotero\\storage\\486PZBA5\\Basin 等 - 2017 - Multivariable continuous fixed-time second-order sliding mode control design and convergence time e.pdf;C\:\\Users\\jinze\\Zotero\\storage\\NFYF3BL4\\Basin 等 - 2017 - Multivariable continuous fixed‐time second‐order sliding mode control Design and convergence time e.pdf},
  ISSN = {1751-8652},
  JOURNALTITLE = {IET Control Theory and Applications},
  KEYWORDS = {continuous time systems,control system synthesis,convergence time estimation,fixed convergence time,fixed-time convergent continuous vector super-twisting-like algorithm,multivariable continuous fixed-time second-order sliding mode control,multivariable control systems,scalar super-twisting control,variable structure systems},
  LANGID = {english},
  NUMBER = {8},
  PAGES = {1104--1111},
  SHORTJOURNAL = {IET Control Theory Appl.},
  SHORTTITLE = {Multivariable Continuous Fixed-Time Second-Order Sliding Mode Control},
  TITLE = {Multivariable Continuous Fixed-Time Second-Order Sliding Mode Control: Design and Convergence Time Estimation},
  URLDATE = {2024-04-12},
  VOLUME = {11},
}

@ONLINE{chenDistributedFinitetimeDifferentiator2024,
  AUTHOR = {Chen, Wei Le and Du, Hai Bo and Li, Shi Hua},
  URL = {http://arxiv.org/abs/2402.16260},
  DATE = {2024-02-25},
  EPRINT = {2402.16260},
  EPRINTCLASS = {cs},
  EPRINTTYPE = {arXiv},
  FILE = {C:\Users\jinze\Zotero\storage\3RVY43GA\Chen 等 - 2024 - Distributed Finite-time Differentiator for Multi-agent Systems Under Directed Graph.pdf},
  KEYWORDS = {陈维乐},
  LANGID = {english},
  TITLE = {Distributed Finite-Time Differentiator for Multi-Agent Systems under Directed Graph},
  URLDATE = {2024-02-29},
}

@BOOK{clarkeOptimizationNonsmoothAnalysis1990,
  AUTHOR = {Clarke, Frank H.},
  PUBLISHER = {Society for Industrial and Applied Mathematics},
  URL = {http://epubs.siam.org/doi/book/10.1137/1.9781611971309},
  DATE = {1990-01},
  DOI = {10.1137/1.9781611971309},
  FILE = {C:\Users\jinze\Zotero\storage\3GV5G3E8\Clarke - 1990 - Optimization and nonsmooth analysis.pdf},
  ISBN = {978-0-89871-256-8 978-1-61197-130-9},
  LANGID = {english},
  TITLE = {Optimization and Nonsmooth Analysis},
  URLDATE = {2024-08-26},
}

@ARTICLE{colottiNewConvergenceConditions2022,
  AUTHOR = {Colotti, Alessandro and Monnet, Dominique and Goldsztejn, Alexandre and Plestan, Franck},
  URL = {https://linkinghub.elsevier.com/retrieve/pii/S0005109822002771},
  DATE = {2022-09},
  DOI = {10.1016/j.automatica.2022.110423},
  FILE = {C:\Users\jinze\Zotero\storage\ADKK8IMA\Colotti 等 - 2022 - New convergence conditions for the super twisting algorithm with uncertain input gain.pdf},
  ISSN = {00051098},
  JOURNALTITLE = {Automatica},
  KEYWORDS = {稳定性分析},
  LANGID = {english},
  PAGES = {110423},
  SHORTJOURNAL = {Automatica},
  TITLE = {New Convergence Conditions for the Super Twisting Algorithm with Uncertain Input Gain},
  URLDATE = {2024-01-25},
  VOLUME = {143},
}

@ARTICLE{cortesDiscontinuousDynamicalSystems2008,
  AUTHOR = {Cortes, Jorge},
  URL = {https://ieeexplore.ieee.org/document/4518905},
  DATE = {2008-06},
  DOI = {10.1109/MCS.2008.919306},
  EVENTTITLE = {{{IEEE Control Systems Magazine}}},
  FILE = {C:\Users\jinze\Zotero\storage\VVPCJZID\Cortes - 2008 - Discontinuous dynamical systems.pdf},
  ISSN = {1941-000X},
  JOURNALTITLE = {IEEE Control Systems Magazine},
  LANGID = {english},
  NUMBER = {3},
  PAGES = {36--73},
  SHORTJOURNAL = {IEEE Control Syst. Mag.},
  TITLE = {Discontinuous Dynamical Systems},
  URLDATE = {2023-12-11},
  VOLUME = {28},
}

@ARTICLE{fengFinitetimeDistributedConvex2020,
  AUTHOR = {Feng, Zhi and Hu, Guoqiang and Cassandras, Christos G.},
  URL = {https://ieeexplore.ieee.org/document/8825481/},
  DATE = {2020-06},
  DOI = {10.1109/TCNS.2019.2939642},
  FILE = {C:\Users\jinze\Zotero\storage\55TSU33F\Feng 等 - 2020 - Finite-time distributed convex optimization for continuous-time multiagent systems with disturbance.pdf},
  ISSN = {2325-5870, 2372-2533},
  JOURNALTITLE = {IEEE Transactions on Control of Network Systems},
  KEYWORDS = {STA稳定性证明},
  LANGID = {english},
  NUMBER = {2},
  PAGES = {686--698},
  SHORTJOURNAL = {IEEE Trans. Control Netw. Syst.},
  TITLE = {Finite-Time Distributed Convex Optimization for Continuous-Time Multiagent Systems with Disturbance Rejection},
  URLDATE = {2024-11-04},
  VOLUME = {7},
}

@BOOK{filippovDifferentialEquationsDiscontinuous1988,
  AUTHOR = {Filippov, A. F.},
  EDITOR = {Arscott, F. M.},
  EDITORA = {Hazewinkel, M.},
  LOCATION = {Dordrecht},
  PUBLISHER = {Springer Netherlands},
  URL = {http://link.springer.com/10.1007/978-94-015-7793-9},
  DATE = {1988},
  DOI = {10.1007/978-94-015-7793-9},
  EDITORATYPE = {redactor},
  FILE = {C:\Users\jinze\Zotero\storage\FEYI4B2A\Differential Equations with Discontinuous Righthand Sides Control Systems (Mathematics and its Applications) (A.F. Filippov) (Z-Library).pdf},
  ISBN = {978-90-481-8449-1 978-94-015-7793-9},
  LANGID = {english},
  SERIES = {Mathematics and {{Its Applications}}},
  TITLE = {Differential Equations with Discontinuous Righthand Sides},
  URLDATE = {2024-08-26},
  VOLUME = {18},
}

@BOOK{hanTheoryControlSystems2016,
  AUTHOR = {Han, Zhengzhi and Cai, Xiushan and Huang, Jun},
  LOCATION = {Berlin, Heidelberg},
  PUBLISHER = {Springer Berlin Heidelberg},
  URL = {http://link.springer.com/10.1007/978-3-662-49245-1},
  DATE = {2016},
  DOI = {10.1007/978-3-662-49245-1},
  FILE = {C:\Users\jinze\Zotero\storage\EC2DWMD3\Han 等 - 2016 - Theory of Control Systems Described by Differential Inclusions.pdf},
  ISBN = {978-3-662-49243-7 978-3-662-49245-1},
  LANGID = {english},
  SERIES = {Springer {{Tracts}} in {{Mechanical Engineering}}},
  TITLE = {Theory of Control Systems Described by Differential Inclusions},
  URLDATE = {2023-12-17},
}

@BOOK{khalilNonlinearSystems,
  AUTHOR = {Khalil, Hassan K.},
  EDITION = {3},
  LANGID = {english},
  TITLE = {Nonlinear Systems},
}

@BOOK{khalilNonlinearControl2015,
  AUTHOR = {Khalil, Hassan K.},
  LOCATION = {Boston},
  PUBLISHER = {Pearson},
  DATE = {2015},
  FILE = {C\:\\Users\\jinze\\Zotero\\storage\\HZGT23A2\\Khalil - 2015 - Nonlinear control.pdf;C\:\\Users\\jinze\\Zotero\\storage\\SP798CN8\\Nonlinear Control errata.pdf},
  ISBN = {978-0-13-349926-1},
  KEYWORDS = {Nonlinear theories,Textbooks},
  LANGID = {english},
  PAGETOTAL = {387},
  TITLE = {Nonlinear Control},
}

@ARTICLE{lasalleStabilityTheoryOrdinary1968,
  AUTHOR = {LaSalle, J.P},
  URL = {https://linkinghub.elsevier.com/retrieve/pii/002203966890048X},
  DATE = {1968-01},
  DOI = {10.1016/0022-0396(68)90048-X},
  FILE = {C:\Users\jinze\Zotero\storage\J3IJFZNI\LaSalle - 1968 - Stability theory for ordinary differential equations.pdf},
  ISSN = {00220396},
  JOURNALTITLE = {Journal of Differential Equations},
  LANGID = {english},
  NUMBER = {1},
  PAGES = {57--65},
  SHORTJOURNAL = {J. Differ. Equations},
  TITLE = {Stability Theory for Ordinary Differential Equations},
  URLDATE = {2024-09-01},
  VOLUME = {4},
}

@ARTICLE{levantRobustExactDifferentiation1998,
  AUTHOR = {Levant, Arie},
  URL = {https://linkinghub.elsevier.com/retrieve/pii/S0005109897002094},
  DATE = {1998-03},
  DOI = {10.1016/S0005-1098(97)00209-4},
  FILE = {C:\Users\jinze\Zotero\storage\UQM5MRKZ\Levant - Robust Exact Diﬀerentiation via Sliding Mode Technique.pdf},
  ISSN = {00051098},
  JOURNALTITLE = {Automatica},
  KEYWORDS = {微分器},
  LANGID = {english},
  NUMBER = {3},
  PAGES = {379--384},
  SHORTJOURNAL = {Automatica},
  TITLE = {Robust Exact Differentiation via Sliding Mode Technique},
  URLDATE = {2024-01-25},
  VOLUME = {34},
}

@ARTICLE{livneProperDiscretizationHomogeneous2014,
  AUTHOR = {Livne, Miki and Levant, Arie},
  URL = {https://linkinghub.elsevier.com/retrieve/pii/S0005109814002180},
  DATE = {2014-08},
  DOI = {10.1016/j.automatica.2014.05.028},
  FILE = {C:\Users\jinze\Zotero\storage\ACM5YJ34\Livne和Levant - 2014 - Proper discretization of homogeneous differentiators.pdf},
  ISSN = {00051098},
  JOURNALTITLE = {Automatica},
  LANGID = {english},
  NUMBER = {8},
  PAGES = {2007--2014},
  SHORTJOURNAL = {Automatica},
  TITLE = {Proper Discretization of Homogeneous Differentiators},
  URLDATE = {2024-09-06},
  VOLUME = {50},
}

@ARTICLE{morenoStrictLyapunovFunctions2014,
  AUTHOR = {Moreno, Jaime A.},
  URL = {https://www.sciencedirect.com/science/article/pii/S0016003213003566},
  ANNOTATION = {EI: 是},
  DATE = {2014-04-01},
  DOI = {10.1016/j.jfranklin.2013.09.019},
  FILE = {C:\Users\jinze\Zotero\storage\7AGB3Y8H\Moreno - 2014 - On strict lyapunov functions for some non-homogeneous super-twisting algorithms.pdf},
  ISSN = {0016-0032},
  JOURNALTITLE = {Journal of the Franklin Institute},
  LANGID = {english},
  NUMBER = {4},
  PAGES = {1902--1919},
  SERIES = {Special {{Issue}} on 2010-2012 {{Advances}} in {{Variable Structure Systems}} and {{Sliding Mode Algorithms}}},
  SHORTJOURNAL = {J. Franklin Inst.},
  TITLE = {On Strict Lyapunov Functions for Some Non-Homogeneous Super-Twisting Algorithms},
  URLDATE = {2024-04-12},
  VOLUME = {351},
}

@ARTICLE{morenoSurveyHighorderSlidingmode2023,
  AUTHOR = {Moreno, Jaime A. and Fridman, Leonid},
  URL = {https://linkinghub.elsevier.com/retrieve/pii/S2405896323017937},
  ANNOTATION = {EI: 是},
  DATE = {2023},
  DOI = {10.1016/j.ifacol.2023.10.1386},
  FILE = {C:\Users\jinze\Zotero\storage\WL85HEH8\Moreno和Fridman - 2023 - A survey on high-order sliding-mode control design using lyapunov functions.pdf},
  ISSN = {24058963},
  JOURNALTITLE = {IFAC-PapersOnLine},
  LANGID = {english},
  NUMBER = {2},
  PAGES = {25--36},
  SHORTJOURNAL = {IFAC-Pap.},
  TITLE = {A Survey on High-Order Sliding-Mode Control Design Using Lyapunov Functions},
  URLDATE = {2024-04-12},
  VOLUME = {56},
}

@ARTICLE{morenoStrictLyapunovFunctions2012,
  AUTHOR = {Moreno, Jaime A. and Osorio, Marisol},
  URL = {https://ieeexplore.ieee.org/document/6144710},
  DATE = {2012-04},
  DOI = {10.1109/TAC.2012.2186179},
  FILE = {C:\Users\jinze\Zotero\storage\F5RM8GBW\Moreno和Osorio - 2012 - Strict Lyapunov Functions for the Super-Twisting Algorithm.pdf},
  ISSN = {1558-2523},
  JOURNALTITLE = {IEEE Transactions on Automatic Control},
  KEYWORDS = {Lyapunov methods},
  LANGID = {english},
  NUMBER = {4},
  PAGES = {1035--1040},
  SHORTJOURNAL = {IEEE Trans. Autom. Control},
  TITLE = {Strict Lyapunov Functions for the Super-Twisting Algorithm},
  URLDATE = {2024-01-26},
  VOLUME = {57},
}

@ARTICLE{nageshMultivariableSupertwistingSliding2014,
  AUTHOR = {Nagesh, Indira and Edwards, Christopher},
  URL = {https://linkinghub.elsevier.com/retrieve/pii/S0005109813005918},
  DATE = {2014-03},
  DOI = {10.1016/j.automatica.2013.12.032},
  FILE = {C:\Users\jinze\Zotero\storage\NCFXAGAG\Nagesh和Edwards - 2014 - A multivariable super-twisting sliding mode approach.pdf},
  ISSN = {00051098},
  JOURNALTITLE = {Automatica},
  LANGID = {english},
  NUMBER = {3},
  PAGES = {984--988},
  SHORTJOURNAL = {Automatica J. IFAC},
  TITLE = {A Multivariable Super-Twisting Sliding Mode Approach},
  URLDATE = {2024-12-10},
  VOLUME = {50},
}

@ARTICLE{poznyakVadimUtkinSliding2023,
  AUTHOR = {Poznyak, Alexander S. and Orlov, Yury V.},
  URL = {https://www.sciencedirect.com/science/article/pii/S0016003223006038},
  DATE = {2023-11-01},
  DOI = {10.1016/j.jfranklin.2023.09.028},
  FILE = {C:\Users\jinze\Zotero\storage\JUGBHHYM\Poznyak和Orlov - 2023 - Vadim I. Utkin and sliding mode control.pdf},
  ISSN = {0016-0032},
  JOURNALTITLE = {Journal of the Franklin Institute},
  LANGID = {english},
  NUMBER = {17},
  PAGES = {12892--12921},
  SHORTJOURNAL = {J. Franklin Inst.},
  TITLE = {Vadim {{I}}. {{Utkin}} and Sliding Mode Control},
  URLDATE = {2024-08-14},
  VOLUME = {360},
}

@BOOK{roucheStabilityTheoryLiapunov1977,
  AUTHOR = {Rouche, N. and Habets, P. and Laloy, M.},
  LOCATION = {New York, NY},
  PUBLISHER = {Springer New York},
  URL = {http://link.springer.com/10.1007/978-1-4684-9362-7},
  DATE = {1977},
  DOI = {10.1007/978-1-4684-9362-7},
  FILE = {C:\Users\jinze\Zotero\storage\CBNXK4PN\Rouche 等 - 1977 - Stability theory by liapunov’s direct method.pdf},
  ISBN = {978-0-387-90258-6 978-1-4684-9362-7},
  LANGID = {english},
  SERIES = {Applied {{Mathematical Sciences}}},
  TITLE = {Stability Theory by Liapunov’s Direct Method},
  URLDATE = {2024-08-26},
  VOLUME = {22},
}

@ARTICLE{seeberStabilityProofWellestablished2017,
  AUTHOR = {Seeber, Richard and Horn, Martin},
  URL = {https://linkinghub.elsevier.com/retrieve/pii/S000510981730328X},
  DATE = {2017-10},
  DOI = {10.1016/j.automatica.2017.07.002},
  FILE = {C:\Users\jinze\Zotero\storage\BC3ELDAL\Seeber和Horn - 2017 - Stability proof for a well-established super-twisting parameter setting.pdf},
  ISSN = {00051098},
  JOURNALTITLE = {Automatica},
  KEYWORDS = {Lyapunov methods,稳定性分析},
  LANGID = {english},
  PAGES = {241--243},
  SHORTJOURNAL = {Automatica},
  TITLE = {Stability Proof for a Well-Established Super-Twisting Parameter Setting},
  URLDATE = {2024-01-25},
  VOLUME = {84},
}

@ARTICLE{seeberNecessarySufficientStability2018,
  AUTHOR = {Seeber, Richard and Horn, Martin},
  LOCATION = {Graz},
  PUBLISHER = {IEEE},
  URL = {https://ieeexplore.ieee.org/document/8460445/},
  DATE = {2018-07},
  DOI = {10.1109/VSS.2018.8460445},
  EVENTTITLE = {2018 15th {{International Workshop}} on {{Variable Structure Systems}} ({{VSS}})},
  FILE = {C:\Users\jinze\Zotero\storage\EEI8H6SZ\Seeber和Horn - 2018 - Necessary and sufficient stability criterion for the super-twisting algorithm.pdf},
  ISBN = {978-1-5386-6439-1},
  JOURNALTITLE = {2018 15th {{International Workshop}} on {{Variable Structure Systems}} ({{VSS}})},
  LANGID = {english},
  PAGES = {120--125},
  TITLE = {Necessary and Sufficient Stability Criterion for the Super-Twisting Algorithm},
  URLDATE = {2024-11-22},
}

@ARTICLE{shevitzLyapunovStabilityTheory1994,
  AUTHOR = {Shevitz, Daniel and Paden, Brad},
  URL = {http://ieeexplore.ieee.org/document/317122/},
  DATE = {1994-09},
  DOI = {10.1109/9.317122},
  FILE = {C:\Users\jinze\Zotero\storage\58PTA6UU\Shevitz和Paden - 1994 - Lyapunov stability theory of nonsmooth systems.pdf},
  ISSN = {00189286},
  JOURNALTITLE = {IEEE Transactions on Automatic Control},
  LANGID = {english},
  NUMBER = {9},
  PAGES = {1910--1914},
  SHORTJOURNAL = {IEEE Trans. Autom. Control},
  TITLE = {Lyapunov Stability Theory of Nonsmooth Systems},
  URLDATE = {2024-08-11},
  VOLUME = {39},
}

@ARTICLE{utkinBriefCommentsDoubts2022,
  AUTHOR = {Utkin, Vadim},
  URL = {https://link.springer.com/10.1007/s40313-022-00952-9},
  DATE = {2022-12},
  DOI = {10.1007/s40313-022-00952-9},
  FILE = {C:\Users\jinze\Zotero\storage\CCA83CZ7\Utkin - 2022 - Brief comments for doubts in filippov method.pdf},
  ISSN = {2195-3880, 2195-3899},
  JOURNALTITLE = {Journal of Control, Automation and Electrical Systems},
  LANGID = {english},
  NUMBER = {6},
  PAGES = {1628--1632},
  SHORTJOURNAL = {J. Control Autom. Electr. Syst.},
  TITLE = {Brief Comments for Doubts in Filippov Method},
  URLDATE = {2024-09-04},
  VOLUME = {33},
}

@THESIS{郑凯_基于Filippov微分包含解的非平滑控制系统,
  AUTHOR = {郑, 凯},
  INSTITUTION = {哈尔滨工业大学},
  LOCATION = {哈尔滨},
  URL = {https://kns.cnki.net/kcms2/article/abstract?v=691tpyMQYm1KpISNxfA1Z5ElSggbEfBtxJb5sQSrsSnW7cFMsbmEc_-R_T0xFbcw87O0ypy7JDf1L_7mFFIiUCFkSPrx8UZ-lUnkBw11-fems1nsr93rLUbBNohN3yBTxVhI5VhSoIpUs1z-AJIJdTXo-JuILzb8ypDr4SKLEFU=&uniplatform=NZKPT},
  DATE = {2012},
  FILE = {C:\Users\jinze\Zotero\storage\XVWHMZK3\郑 - 2012 - 基于Filippov微分包含解的非平滑控制系统设计方法研究.pdf},
  KEYWORDS = {backstepping设计,Filippov微分包含解,Lagrange系统,线性Lipschitz切换面,非平滑分析,非平滑控制系统},
  LANGID = {chinese},
  TITLE = {基于Filippov微分包含解的非平滑控制系统设计方法研究},
  TYPE = {博士学位论文},
  URLDATE = {2024-08-11},
}

